% Author: t.j.
% Use this in a tex file like:
%
%     \nocite{*}                                % Cite everything
%     \addcontentsline{toc}{section}{Literatur} % Add Headline to toc
%     \bibliography{literature}                 % import this *.bib file
%     \bibliographystyle{plain}                 % Plainstyle (change if neccessary)

@BOOK{GoF1994,
  title = {Design Patterns: Elements of Reusable Object-Oriented Software},
  publisher = {Pearson Education},
  year = {1994},
  author = {Gamma, E. and Helm, R. and Johnson, R. and Vlissides, J.},
  isbn = {9780321700698}
}


@BOOK{Cleve2014,
  title = {Data Mining},
  publisher = {Oldenbourg},
  year = {2014},
  author = {J\"{u}rgen Cleve and Uwe L\"{a}mmel},
  isbn = {978-3-486-71391-6}
}


