@BOOK{Barnes2009,
  title = {Java lernen mit BlueJ},
  publisher = {Pearson Studium},
  year = {2009},
  author = {KÃ¶lling and Barnes},
  series = {4. Auflage},
  isbn = {3-86894-001-5},
}

@BOOK{Java4u,
  title = {Java 4 U},
  publisher = {Bildungsverlag Eins},
  year = {2009},
  author = {Misch, Jens-Peter},
  series = {9783427011446}
}

@BOOK{Rauh2002,
    title={Objektorientierte Programmierung in Java},
    author={Rauh, Otto},
    publisher={Vieweg-Verlag},
    series={3. Auflage},
    year={2002},
    isbn={978-3528257217}
}

@BOOK{Braun2006,
    title={Einf\"{u}hrung in die Programmierung},
    author={Braun, Robert and Greiffenberg, Steffen and Esswein, Werner},
    publisher={Springer},
    series={3. Auflage},
    year={2002},
    isbn={978-3540328551}
}

@BOOK{Eubanks2006,
    title={Objektorientierte Programmierung in Java},
    author={Eubanks, Brian D.},
    publisher={Hanser-Verlag},
    year={2006},
    isbn={ 978-3446406858}
}